@PhdThesis{husson,
  author = 	 {Adrien Husson},
  title = 	 {Logical foundations of a modelling assistant for molecular biology},
  school = 	 {Université de Paris},
  year = 	 {2020}
}

@Manual{menhir,
  title = 	 {Menhir},
  author = 	 {François Pottier and Yann Régis-Gianas},
  note = 	 {\url{http://gallium.inria.fr/~fpottier/menhir/}},
}

@Manual{odoc,
  title = 	 {Odoc},
  author = 	 {},
  note = 	 {\url{http://caml.inria.fr/pub/docs/manual-ocaml/ocamldoc.html}},
}

@Manual{dune,
  title = 	 {Dune},
  author = 	 {},
  note = 	 {\url{https://dune.build/}},
}

@Manual{ocaml,
  title = 	 {OCaml},
  author = 	 {Xavier Leroy, Damien Doligez, Alain Frisch, Jacques Garrigue, Didier Rémy and Jérôme Vouillon},
  note = 	 {\url{https://ocaml.org/releases/4.10/htmlman/index.html}},
}

@Manual{kappa,
  title = {The Kappa Language and Tools},
  author = {P. Boutillier, J. Feret, J. Krivine and W. Fontana},
  note={\url{https://kappalanguage.org}},
}

@article{hindley,
 ISSN = {00029947},
 URL = {http://www.jstor.org/stable/1995158},
 author = {R. Hindley},
 journal = {Transactions of the American Mathematical Society},
 pages = {29--60},
 publisher = {American Mathematical Society},
 title = {The Principal Type-Scheme of an Object in Combinatory Logic},
 volume = {146},
 year = {1969},
}

@article{milner,
title = {A theory of type polymorphism in programming},
journal = "Journal of Computer and System Sciences",
volume = "17",
number = "3",
pages = "348 - 375",
year = "1978",
issn = "0022-0000",
doi = "https://doi.org/10.1016/0022-0000(78)90014-4",
url = "http://www.sciencedirect.com/science/article/pii/0022000078900144",
author = "Robin Milner",
}